%% Feasibility

@article{jolly2009bezier,
  title={A Bezier curve based path planning in a multi-agent robot soccer system without violating the acceleration limits},
  author={Jolly, KG and Kumar, R Sreerama and Vijayakumar, R},
  journal={Robotics and Autonomous Systems},
  volume={57},
  number={1},
  pages={23--33},
  year={2009},
  publisher={Elsevier}
}

%% Master theses

@mastersthesis{Ueland2016,
title = {Marine Autonomous Exploration using a Lidar},
author = {Ueland, Einar Skiftestad},
year = {2016},
school = {Norwegian University of Science and Technology},
}

@mastersthesis{Spange2016,
title = {Autonomous Docking for Marine Vessels Using a Lidar and Proximity Sensors.},
author = {Spange, Joachim},
year = {2016},
school = {Norwegian University of Science and Technology},
}

@mastersthesis{Follestad2017,
title = {Autonomous Path-Planning and -Following for a Marine Surface Robot},
author = {Follestad, Mats Håkon},
year = {2017},
school = {Norwegian University of Science and Technology},
}


%% Maritime Robotics

@misc{website:MR,
author = "{Maritime Robotics AS}",
title = "Otter {[USV]} - {Maritime Robotics}",
year = "2019",
url = "https://maritimerobotics.com/mariner-usv/otter/",
note = "[Online; accessed 28-April-2019]"
}

%% Norbit
@misc{website:Norbit,
author = "{Norbit}",
title = "Subsea | {Norbit}",
year = "2019",
url = "https://norbit.com/subsea/",
note = "[Online; accessed 26-February-2019]"
}

%% Norbit
@misc{website:km,
author = "{Kongsberg Maritime}",
title = "{EM 124 Multibeam echosounder, Max. 11000 m
 - Kongsberg Maritime}",
year = "2019",
url = "https://www.km.kongsberg.com/ks/web/nokbg0240.nsf/AllWeb/960759E6CB358364C12582BF0026000D?OpenDocument",
note = "[Online; accessed 26-February-2019]"
}

@misc{website:applanix,
author = "{Applanix}",
title = "{Applanix : POSMV}",
year = "2019",
url = "https://www.applanix.com/products/posmv.htm",
note = "[Online; accessed 06-May-2019]"
}

@misc{website:sparkfun,
author = "{SparkFun}",
title = "{IMU - SparkFun Electronics : POSMV}",
year = "2019",
url = "https://www.sparkfun.com/categories/160",
note = "[Online; accessed 06-May-2019]"
}

@misc{ wiki:gnss,
    author = "{European GSA}",
    title = "{What is GNSS?}",
    year = "2019",
    url = "https://www.gsa.europa.eu/european-gnss/what-gnss",
    note = "[Online; accessed 6-June-2019]"
  }
  
  @misc{ wiki:rtk,
    author = "{Lambert Wanninger}",
    title = "{Introduction to Network RTK}",
    year = "2019",
    url = "http://www.wasoft.de/e/iagwg451/intro/introduction.html",
    note = "[Online; accessed 6-June-2019]"
  }

@misc{ wiki:protobuf,
    author = "{Google}",
    title = "{Protocol Buffers | Google Developers}",
    year = "2019",
    url = "https://developers.google.com/protocol-buffers/",
    note = "[Online; accessed 6-June-2019]"
  }


%% MBES
@misc{ wiki:mbes,
    author = "{Nautikaris}",
    title = "{Multibeam system known as a multibeam echosounder (MBES)}",
    year = "2019",
    url = "https://www.nautikaris.com/products/hydrography/multibeam-system/",
    note = "[Online; accessed 6-June-2019]"
}

%% SLAM

@inproceedings{cartographerPaper,
title={Real-time loop closure in 2D LIDAR SLAM},
author={Hess, Wolfgang and Kohler, Damon and Rapp, Holger and Andor, Daniel},
booktitle={Robotics and Automation (ICRA), 2016 IEEE International Conference on},
pages={1271--1278},
year={2016},
organization={IEEE}
}



@misc{website:openSLAM,
author = "{OpenSLAM.org}",
title = "{OpenSLAM}",
year = "2018",
url = "http://www.OpenSLAM.org",
note = "[Online; accessed 07-September-2018]"
}

@misc{website:Cartographer,
author = "{Cartographer Authors}",
title = "{Cartographer documentation}",
year = "2019",
url = "https://google-cartographer.readthedocs.io",
note = "[Online; accessed 29-April-2019]"
}

@misc{website:CartographerRos,
author = "{Cartographer Authors}",
title = "{Cartographer documentation}",
year = "2019",
url = "https://google-cartographer-ros.readthedocs.io",
note = "[Online; accessed 29-April-2019]"
}

@misc{website:CartographerOS,
author = "{Google Open Source Blog}",
title = "{Introducing Cartographer}",
year = "2018",
url = "https://opensource.googleblog.com/2016/10/introducing-cartographer.html",
note = "[Online; accessed 13-September-2018]"
}

@misc{website:CartographerGithub,
author = "{The Cartographer Authors}",
title = "{Cartographer GitHub}",
year = "2018",
url = "https://github.com/googlecartographer",
note = "[Online; accessed 03-October-2018]"
}

@inproceedings{hector2011slam,
  title={A flexible and scalable slam system with full 3d motion estimation},
  author={Kohlbrecher, Stefan and Von Stryk, Oskar and Meyer, Johannes and Klingauf, Uwe},
  booktitle={Safety, Security, and Rescue Robotics (SSRR), 2011 IEEE International Symposium on},
  pages={155--160},
  year={2011},
  organization={IEEE}
}

@misc{website:hectorSLAM,
author = "{Kohlbrecher, S and Meyer, J}",
title = "{Hector SLAM}",
year = "2018",
url = "http://wiki.ros.org/hector_slam",
note = "[Online; accessed 04-October-2018]"
}

@article{SLAMSurvey,
title = {Past, Present, and Future of Simultaneous Localization And Mapping: Towards the Robust-Perception Age},
author = {C. Cadena and L. Carlone and H. Carrillo and Y. Latif and D. Scaramuzza and J. Neira and I. Reid and J.J. Leonard},
journal = {{IEEE Transactions on Robotics}},
year = {2016},
number = {6},
pages = {1309–1332},
volume = {32}
}

@article{slamtut2006part1,
  title={Simultaneous localization and mapping: part I},
  author={Durrant-Whyte, Hugh and Bailey, Tim},
  journal={IEEE robotics \& automation magazine},
  volume={13},
  number={2},
  pages={99--110},
  year={2006},
  publisher={IEEE}
}

@article{slamtut2006part2,
  title={Simultaneous localization and mapping (SLAM): Part II},
  author={Bailey, Tim and Durrant-Whyte, Hugh},
  journal={IEEE Robotics \& Automation Magazine},
  volume={13},
  number={3},
  pages={108--117},
  year={2006},
  publisher={IEEE}
}

@article{orbslam2015,
  title={ORB-SLAM: a versatile and accurate monocular SLAM system},
  author={Mur-Artal, Raul and Montiel, Jose Maria Martinez and Tardos, Juan D},
  journal={IEEE Transactions on Robotics},
  volume={31},
  number={5},
  pages={1147--1163},
  year={2015},
  publisher={IEEE}
}

@article{orbslam2017,
  title={Orb-slam2: An open-source slam system for monocular, stereo, and rgb-d cameras},
  author={Mur-Artal, Raul and Tard{\'o}s, Juan D},
  journal={IEEE Transactions on Robotics},
  volume={33},
  number={5},
  pages={1255--1262},
  year={2017},
  publisher={IEEE}
}

@article{norgren2018multibeam,
  title={A Multibeam-Based SLAM Algorithm for Iceberg Mapping Using AUVs},
  author={Norgren, Petter and Skjetne, Roger},
  journal={IEEE Access},
  volume={6},
  pages={26318--26337},
  year={2018},
  publisher={IEEE}
}

%% Sensors

@misc{website:Neato,
author = "{Neato Robotics}",
title = "Neato Robotics | Smart, Powerful, Connected Robot Vacuums",
year = "2019",
url = "https://www.neatorobotics.com/",
note = "[Online; accessed 2-May-2019]"
}

@misc{website:roborock,
author = "{Roborock}",
title = "Roborock S6 Robot Vacuum - Roborock Official Website",
year = "2019",
url = "https://en.roborock.com/pages/roborock-s6",
note = "[Online; accessed 2-June-2019]"
}


@misc{website:VLP,
author = "{Velodyne}",
title = "{Puck}",
year = "2019",
url = "https://velodynelidar.com/vlp-16.html",
note = "[Online; accessed 2-May-2019]"
}

@misc{website:YellowScan,
author = "{YellowScan}",
title = "{YellowScan Surveyor}",
year = "2019",
url = "http://www.yellowscan.fr/products/yellowscan-surveyor",
note = "[Online; accessed 2-May-2019]"
}

@misc{website:Hokuyo,
author = "{Hokuyo}",
title = "{Hokuyo}",
year = "2018",
url = "https://www.hokuyo-aut.jp/",
note = "[Online; accessed 13-September-2018]"
}

@misc{website:Slamtec,
author = "{Slamtec}",
title = "{Slamtec}",
year = "2018",
url = "https://www.slamtec.com",
note = "[Online; accessed 13-September-2018]"
}

@misc{website:rplidara3,
author = "{Slamtec}",
title = "{Slamtec}",
year = "2019",
url = "https://www.slamtec.com/en/Lidar/A3",
note = "[Online; accessed 30-March-2019]"
}

@misc{website:magcalc,
author = "{NOAA}",
title = "{NCEI Geomagnetic Calculators}",
year = "2019",
url = "https://www.ngdc.noaa.gov/geomag/calculators/magcalc.shtml",
note = "[Online; accessed 2-June-2019]"
}

@misc{website:rplidarDriver,
author = "{ROS contributors}",
title = "{Rplidar driver}",
year = "2019",
url = "http://wiki.ros.org/rplidar",
note = "[Online; accessed 28-April-2019]"
}

@misc{ wiki:lidar,
    author = "{National Ocean Service}",
    title = "{What is LIDAR?}",
    year = "2019",
    url = "https://oceanservice.noaa.gov/facts/lidar.html",
    note = "[Online; accessed 6-June-2019]"
  }
  
  @misc{ wiki:imu,
    author = "{Hillcrest Labs}",
    title = "{What is an IMU sensor?}",
    year = "2019",
    url = "https://www.hillcrestlabs.com/posts/what-is-an-imu-sensor",
    note = "[Online; accessed 6-June-2019]"
  }
  
    @misc{ wiki:ins,
    author = "{Tampere University of Technology}",
    title = "{Basic Principles of Inertial Navigation}",
    year = "2019",
    url = "http://www.aerostudents.com/courses/avionics/InertialNavigationSystems.pdf",
    note = "[Online; accessed 6-June-2019]"
  }  

@misc{website:xsensDriver,
author = "{ROS contributors}",
title = "{Xsens driver}",
year = "2019",
url = "http://wiki.ros.org/xsens_driver",
note = "[Online; accessed 28-April-2019]"
}

@misc{website:xsens,
author = "{Xsens}",
title = "{MTi}",
year = "2019",
url = "https://www.xsens.com/products/mti/",
note = "[Online; accessed 25-April-2019]"
}

@misc{wiki:nmea,
    author = "Eric S. Raymond",
    title = "{NMEA Revealed}",
    year = "2019",
    url = "https://gpsd.gitlab.io/gpsd/NMEA.html",
    note = "[Online; accessed 6-June-2019]"
  }
  
@misc{website:nmeaDriver,
author = "{ROS contributors}",
title = "{nmea navsat driver}",
year = "2019",
url = "http://wiki.ros.org/nmea_navsat_driver",
note = "[Online; accessed 28-April-2019]"
}

@inproceedings{ros:robotlocalization,
  author    = {T. Moore and D. Stouch},
  title     = {A Generalized Extended Kalman Filter Implementation for the Robot Operating System},
  year      = {2014},
  month     = {July},
  booktitle = {Proceedings of the 13th International Conference on Intelligent Autonomous Systems (IAS-13)},
  publisher = {Springer}
}

@inproceedings{marder2010office,
  title={The office marathon: Robust navigation in an indoor office environment},
  author={Marder-Eppstein, Eitan and Berger, Eric and Foote, Tully and Gerkey, Brian and Konolige, Kurt},
  booktitle={2010 IEEE international conference on robotics and automation},
  pages={300--307},
  year={2010},
  organization={IEEE}
}

@misc{website:Clearpath,
author = "{Clearpath}",
title = "{Clearpath Robotics: Autonomous Mobile Robots}",
year = "2019",
url = "https://www.clearpathrobotics.com/",
note = "[Online; accessed 27-May-2019]"
}

@misc{website:Stereolabs,
author = "{Stereolabs}",
title = "{Stereolabs | Capture the World in 3D}",
year = "2018",
url = "https://www.stereolabs.com/",
note = "[Online; accessed 20-October-2018]"
}

@article{hernandez2016using,
  title={Using kinect on an autonomous vehicle for outdoors obstacle detection},
  author={Hernandez-Aceituno, Javier and Arnay, Rafael and Toledo, Jonay and Acosta, Leopoldo},
  journal={IEEE Sensors Journal},
  volume={16},
  number={10},
  pages={3603--3610},
  year={2016},
  publisher={IEEE}
}

@article{chong2015sensor,
  title={Sensor technologies and simultaneous localization and mapping (SLAM)},
  author={Chong, TJ and Tang, XJ and Leng, CH and Yogeswaran, M and Ng, OE and Chong, YZ},
  journal={Procedia Computer Science},
  volume={76},
  pages={174--179},
  year={2015},
  publisher={Elsevier}
}



%% ROS

@misc{website:ROS_Intro,
author = "{ROS contributors}",
title = "{ROS}",
year = "2018",
url = "http://wiki.ros.org/ROS/Introduction",
note = "[Online; accessed 13-September-2018]"
}

@misc{website:rosbag,
author = "{ROS contributors}",
title = "{rosbag - ROS wiki}",
year = "2018",
url = "http://wiki.ros.org/rosbag",
note = "[Online; accessed 03-October-2018]"
}


%% CCPP

@misc{wiki:a_star,
    author = "{Red Blob Games}",
    title = "Introduction to the A* algorithm.",
    year = "2019",
    url = "https://www.redblobgames.com/pathfinding/a-star/introduction.html",
    note = "[Online; accessed 6-June-2018]"
}

@misc{wiki:bresenham,
    author = "{Paul E. Black}",
    title = "{"Bresenham's algorithm", in Dictionary of Algorithms and Data Structures [online], Paul E. Black, ed. 19 February 2019.}",
    year = "2019",
    url = "https://www.nist.gov/dads/HTML/bresenham.html",
    note = "[Online; accessed 6-June-2019]"
  }
  
@misc{supercoverAlgo,
    author = "{Eugen Dedu}",
    title = "Bresenham-based supercover line algorithm",
    year = "2001",
    url = "http://eugen.dedu.free.fr/projects/bresenham/",
    note = "[Online; accessed 8-May-2019]"
} 

@misc{website:Boustrophedon,
author = "Douglas Harper",
title = "{boustrophedon - Online Etymology Dictionary}",
year = "2018",
url = "https://www.etymonline.com/word/boustrophedon",
note = "[Online; accessed 15-September-2018]"
}

@article{acar2006sensor,
  title={Sensor-based coverage with extended range detectors},
  author={Acar, Ercan U and Choset, Howie and Lee, Ji Yeong},
  journal={IEEE Transactions on Robotics},
  volume={22},
  number={1},
  pages={189--198},
  year={2006},
  publisher={IEEE}
}

@article{acar2002sensor,
  title={Sensor-based coverage of unknown environments: Incremental construction of morse decompositions},
  author={Acar, Ercan U and Choset, Howie},
  journal={The International Journal of Robotics Research},
  volume={21},
  number={4},
  pages={345--366},
  year={2002},
  publisher={SAGE Publications Sage UK: London, England}
}

@article{Viet2013,
  title={BA*: an online complete coverage algorithm for cleaning robots},
  author={Viet, Hoang Huu and Dang, Viet-Hung and Laskar, Md Nasir Uddin and Chung, TaeChoong},
  journal={Applied intelligence},
  volume={39},
  number={2},
  pages={217--235},
  year={2013},
  publisher={Springer}
}

@article{Paull2018,
  title={Probabilistic cooperative mobile robot area coverage and its application to autonomous seabed mapping},
  author={Paull, Liam and Seto, Mae and Leonard, John J and Li, Howard},
  journal={The International Journal of Robotics Research},
  volume={37},
  number={1},
  pages={21--45},
  year={2018},
  publisher={SAGE Publications Sage UK: London, England}
}

@article{Choset2000,
  title={Coverage of known spaces: The boustrophedon cellular decomposition},
  author={Choset, Howie},
  journal={Autonomous Robots},
  volume={9},
  number={3},
  pages={247--253},
  year={2000},
  publisher={Springer}
}

@Article{Choset2001,
author="Choset, Howie",
title="Coverage for robotics -- A survey of recent results",
journal="Annals of Mathematics and Artificial Intelligence",
year="2001",
month="Oct",
day="01",
volume="31",
number="1",
pages="113--126",
issn="1573-7470",
doi="10.1023/A:1016639210559",
url="https://doi.org/10.1023/A:1016639210559"
}

@inproceedings{choset2000exact,
  title={Exact cellular decompositions in terms of critical points of morse functions},
  author={Choset, Howie and Acar, Ercan and Rizzi, Alfred A and Luntz, Jonathan},
  booktitle={Robotics and Automation, 2000. Proceedings. ICRA'00. IEEE International Conference on},
  volume={3},
  pages={2270--2277},
  year={2000},
  organization={IEEE}
}

@article{acar2002morse,
  title={Morse decompositions for coverage tasks},
  author={Acar, Ercan U and Choset, Howie and Rizzi, Alfred A and Atkar, Prasad N and Hull, Douglas},
  journal={The international journal of robotics research},
  volume={21},
  number={4},
  pages={331--344},
  year={2002},
  publisher={SAGE Publications Sage UK: London, England}
}

@article{Galceran2013,
  title={A survey on coverage path planning for robotics},
  author={Galceran, Enric and Carreras, Marc},
  journal={Robotics and Autonomous systems},
  volume={61},
  number={12},
  pages={1258--1276},
  year={2013},
  publisher={Elsevier}
}

@article{Li2011,
  title={Coverage path planning for UAVs based on enhanced exact cellular decomposition method},
  author={Li, Yan and Chen, Hai and Er, Meng Joo and Wang, Xinmin},
  journal={Mechatronics},
  volume={21},
  number={5},
  pages={876--885},
  year={2011},
  publisher={Elsevier}
}

@article{yang2004neural,
  title={A neural network approach to complete coverage path planning},
  author={Yang, Simon X and Luo, Chaomin},
  journal={IEEE Transactions on Systems, Man, and Cybernetics, Part B (Cybernetics)},
  volume={34},
  number={1},
  pages={718--724},
  year={2004},
  publisher={IEEE}
}

@inproceedings{guo2004coverage,
  title={Coverage control for a mobile robot patrolling a dynamic and uncertain environment},
  author={Guo, Yi and Qu, Zhihua},
  booktitle={Intelligent Control and Automation, 2004. WCICA 2004. Fifth World Congress on},
  volume={6},
  pages={4899--4903},
  year={2004},
  organization={IEEE}
}

@misc{wiki:morse_theory,
    author = "{Wikipedia contributors}",
    title = "Morse theory --- {Wikipedia}{,} The Free Encyclopedia",
    year = "2018",
    url = "https://en.wikipedia.org/w/index.php?title=Morse_theory&oldid=873868835",
    note = "[Online; accessed 7-February-2019]"
}

@article{thrun1998learning,
  title={Learning metric-topological maps for indoor mobile robot navigation},
  author={Thrun, Sebastian},
  journal={Artificial Intelligence},
  volume={99},
  number={1},
  pages={21--71},
  year={1998},
  publisher={Elsevier}
}

@inproceedings{guo2006complete,
  title={Complete coverage control for nonholonomic mobile robots in dynamic environments},
  author={Guo, Yi and Balakrishnan, Mohanakrishnan},
  booktitle={Robotics and Automation, 2006. ICRA 2006. Proceedings 2006 IEEE International Conference on},
  pages={1704--1709},
  year={2006},
  organization={IEEE}
}

@article{luo2008bioinspired,
  title={A bioinspired neural network for real-time concurrent map building and complete coverage robot navigation in unknown environments},
  author={Luo, Chaomin and Yang, Simon X},
  journal={IEEE Transactions on Neural Networks},
  volume={19},
  number={7},
  pages={1279--1298},
  year={2008},
  publisher={IEEE}
}

@article{Scibilia2012,
  title={AUV guidance system for dynamic trajectory generation},
  author={Scibilia, Francesco and J{\o}rgensen, Ulrik and Skjetne, Roger},
  journal={IFAC Proceedings Volumes},
  volume={45},
  number={5},
  pages={198--203},
  year={2012},
  publisher={Elsevier}
}

@article{dubins1957curves,
  title={On curves of minimal length with a constraint on average curvature, and with prescribed initial and terminal positions and tangents},
  author={Dubins, Lester E},
  journal={American Journal of mathematics},
  volume={79},
  number={3},
  pages={497--516},
  year={1957},
  publisher={JSTOR}
}

@inproceedings{choi2008path,
  title={Path planning based on b{\'e}zier curve for autonomous ground vehicles},
  author={Choi, Ji-wung and Curry, Renwick and Elkaim, Gabriel},
  booktitle={World Congress on Engineering and Computer Science 2008, WCECS'08. Advances in Electrical and Electronics Engineering-IAENG Special Edition of the},
  pages={158--166},
  year={2008},
  organization={IEEE}
}

@inproceedings{galceran2012efficient,
  title={Efficient seabed coverage path planning for asvs and auvs},
  author={Galceran, Enric and Carreras, Marc},
  booktitle={Intelligent Robots and Systems (IROS), 2012 IEEE/RSJ International Conference on},
  pages={88--93},
  year={2012},
  organization={IEEE}
}

@article{oh2004complete,
  title={Complete coverage navigation of cleaning robots using triangular-cell-based map},
  author={Oh, Joon Seop and Choi, Yoon Ho and Park, Jin Bae and Zheng, Yuan F},
  journal={IEEE Transactions on Industrial Electronics},
  volume={51},
  number={3},
  pages={718--726},
  year={2004},
  publisher={IEEE}
}

%% Path following

@article{fredriksen2006global,
  title={Global $\kappa$-exponential way-point maneuvering of ships: Theory and experiments},
  author={Fredriksen, E and Pettersen, Kristin Ytterstad},
  journal={Automatica},
  volume={42},
  number={4},
  pages={677--687},
  year={2006},
  publisher={Elsevier}
}

@inproceedings{borhaug2008integral,
  title={Integral LOS control for path following of underactuated marine surface vessels in the presence of constant ocean currents},
  author={Borhaug, Even and Pavlov, Alexey and Pettersen, Kristin Y},
  booktitle={Decision and Control, 2008. CDC 2008. 47th IEEE Conference on},
  pages={4984--4991},
  year={2008},
  organization={IEEE}
}

@article{fossen2015line,
  title={Line-of-Sight Path Following for Dubins Paths With Adaptive Sideslip Compensation of Drift Forces.},
  author={Fossen, Thor I and Pettersen, Kristin Ytterstad and Galeazzi, Roberto and others},
  journal={IEEE Trans. Contr. Sys. Techn.},
  volume={23},
  number={2},
  pages={820--827},
  year={2015}
}

@article{skjetne2005maneuvering,
  title={The maneuvering problem},
  author={Skjetne, Roger},
  journal={NTNU, PhD-thesis},
  volume={1},
  year={2005}
}

@article{lekkas2014guidance,
  title={Guidance and path-planning systems for autonomous vehicles},
  author={Lekkas, Anastasios M},
  year={2014},
  publisher={Norges teknisk-naturvitenskapelige universitet, Fakultet for~…}
}

@article{lekkas2014integral,
  title={Integral LOS path following for curved paths based on a monotone cubic Hermite spline parametrization},
  author={Lekkas, Anastasios M and Fossen, Thor I},
  journal={IEEE Transactions on Control Systems Technology},
  volume={22},
  number={6},
  pages={2287--2301},
  year={2014},
  publisher={IEEE}
}



%% THE BIBLE

@book{fossen2011handbook,
  title={Handbook of marine craft hydrodynamics and motion control},
  author={Fossen, Thor I},
  year={2011},
  publisher={John Wiley \& Sons}
}

%% Reactive obstacle avoidance

@article{fox1997dynamic,
  title={The dynamic window approach to collision avoidance},
  author={Fox, Dieter and Burgard, Wolfram and Thrun, Sebastian},
  journal={IEEE Robotics \& Automation Magazine},
  volume={4},
  number={1},
  pages={23--33},
  year={1997},
  publisher={IEEE}
}

@misc{website:vrx,
author = "{OSRF}",
title = "{osrf / vrx - Bitbucket}",
year = "2019",
url = "https://bitbucket.org/osrf/vrx/src/default/",
note = "[Online; accessed 8-May-2019]"
}

@misc{website:vrx_to,
author = "{Brian Bingham}",
title = "{robotxdocs}",
year = "2019",
url = "https://github.com/bsb808/robotx_docs/blob/master/theoryofoperation/theory_of_operation.pdf",
note = "[Online; accessed 8-May-2019]"
}

@article{paull2013sensor,
  title={Sensor-driven online coverage planning for autonomous underwater vehicles},
  author={Paull, Liam and Saeedi, Sajad and Seto, Mae and Li, Howard},
  journal={IEEE/ASME Transactions on Mechatronics},
  volume={18},
  number={6},
  pages={1827--1838},
  year={2013},
  publisher={IEEE}
}

@inproceedings{galceran2013planning,
  title={Planning coverage paths on bathymetric maps for in-detail inspection of the ocean floor},
  author={Galceran, Enric and Carreras, Marc},
  booktitle={2013 IEEE International Conference on Robotics and Automation},
  pages={4159--4164},
  year={2013},
  organization={IEEE}
}

@inproceedings{williams2010optimal,
  title={On optimal AUV track-spacing for underwater mine detection},
  author={Williams, David P},
  booktitle={2010 IEEE International Conference on Robotics and Automation},
  pages={4755--4762},
  year={2010},
  organization={IEEE}
}






